@misc{three,
    title = "three.js, JavaScript 3D library.",
    author = "mrdoob",
    howpublished = "\url{https://github.com/mrdoob/three.js}",
    note = "Accessed 30/12/2021"
}

@misc{cannon-es,
    title = "cannon-es, A lightweight 3D physics engine written in JavaScript.",
    author = "pmndrs",
    howpublished = "\url{https://github.com/pmndrs/cannon-es}",
    note = "Accessed 30/12/2021"
}

@misc{original_inspiration,
    title = "Pointerlock controls demo",
    author = "mrdoob",
    howpublished = "\url{https://threejs.org/examples/?q=contr#misc_controls_pointerlock}",
    note = "Accessed 30/12/2021"
}